<?xml version="1.0" encoding="UTF-8"?><collection><record><leader>09010ntm a2200973 a 4500</leader><controlfield tag="001">006833974</controlfield><controlfield tag="003">MiAaHDL</controlfield><controlfield tag="005">20190719000000.0</controlfield><controlfield tag="006">m        d        </controlfield><controlfield tag="007">cr bn ---auaua</controlfield><controlfield tag="008">090702s193u    xx            00| ||ara d</controlfield><datafield tag="035" ind1=" " ind2=" "><subfield code="a">(MiU)006833974</subfield></datafield><datafield tag="035" ind1=" " ind2=" "><subfield code="a">sdr-miu006833974</subfield></datafield><datafield tag="040" ind1=" " ind2=" "><subfield code="a">MiU</subfield><subfield code="c">MiU</subfield><subfield code="e">amremm</subfield></datafield><datafield tag="043" ind1=" " ind2=" "><subfield code="a">n-us-mi</subfield></datafield><datafield tag="245" ind1="0" ind2="0"><subfield code="6">880-01</subfield><subfield code="a">[Majmūʻat rasāʼil,</subfield><subfield code="f">193-?].</subfield></datafield><datafield tag="246" ind1="3" ind2="8"><subfield code="a">معتقدات الهائية</subfield></datafield><datafield tag="260" ind1=" " ind2=" "><subfield code="c">[193-?].</subfield></datafield><datafield tag="300" ind1=" " ind2=" "><subfield code="a">169 leaves :</subfield><subfield code="b">paper ;</subfield><subfield code="c">202 x 135-147 mm. bound to 213 x 158 mm.</subfield></datafield><datafield tag="500" ind1=" " ind2=" "><subfield code="a">Shelfmark: Ann Arbor, University of Michigan, Special Collections Library, Isl. Ms. 995</subfield></datafield><datafield tag="500" ind1=" " ind2=" "><subfield code="a">Origin: Lacks dated colophon ; likely copied in Egypt in the late 1930s and bound for James Heyworth-Dunne (d.1974).</subfield></datafield><datafield tag="500" ind1=" " ind2=" "><subfield code="a">Former shelfmark: Mich. Isl. Ms. temp. no. 144</subfield></datafield><datafield tag="500" ind1=" " ind2=" "><subfield code="a">Binding: Boards covered in textured black cloth with black leather over spine (quarter binding) ; pastedowns and flyleaves in wove paper printed with a floral vegetal pattern in pink and green ; spine gold-stamped with title and decorative accents over raised bands "معتقدات الهائية [كذا، اي البهائية]" ; sewing in white thread, apparently over three recessed cords, tightly bound ; overall in fairly good condition, with boards curving around text block at fore edge.</subfield></datafield><datafield tag="500" ind1=" " ind2=" "><subfield code="a">Support: Machine wove paper of three main types ; opening work (through p.192) in a sturdy type, cream in color ; opening section of following collection in another sturdy type, beige in color, ruled in blue, edges in red ; concluding section of collection in still another type, dark cream to beige in color, thin though sturdy.</subfield></datafield><datafield tag="500" ind1=" " ind2=" "><subfield code="a">Decoration: Headings and keywords rubricated in opening work ; large passages of texts in majmūʻah (from p.192) executed entirely in red or pinkish red ink, elsewhere only headings rubricated.</subfield></datafield><datafield tag="500" ind1=" " ind2=" "><subfield code="a">Script: Naskh and ruqʻah ; opening work in an elegant modern naskh in a medium line, partially but irregularly seriffed with effect of tilt to the left, curvilinear descenders, many open counters, pointing in conjoined dots, final yāʼ usually left unpointed ; following collection (majmūʻah) of works (from p.192 on) mainly in ruqʻah, a quick, compact hand in a medium line , serifless and freely ligatured with effect of inclination to the right and of words descending to baseline, mainly closed counters, pointing somewhat careless and in strokes rather than distinct dots, final yāʼ usually unpointed ; final works of collection in naskh similar to that in the opening work.</subfield></datafield><datafield tag="500" ind1=" " ind2=" "><subfield code="a">Layout: Written mainly in 12-15, 21 and 31 lines per page.</subfield></datafield><datafield tag="500" ind1=" " ind2=" "><subfield code="a">Collation: i, 12 IV(96), VIII (112), VIII+1 (129), VIII (145), 2 VI(169), i ; opening gatherings (carrying Bahai tracts) exclusively quaternions, opening section of following collection in octonions and concluding section in senions ; pages between sections of text occasionally left blank (see pp.268-269) ; quire numbering in purple pencil, black ink or red ink in the form of Hindu-Arabic numerals accompanying letter ك just below the end of the final line of the opening recto of each quire in the opening section of Bahai tracts ; pagination in black ink, Hindu-Arabic numerals (opening section) ; pagination in red ink or pencil, Hindu-Arabic numerals (final works, from p.291) ; pagination in pencil, Western numerals, supplied during digitization (referenced in description).</subfield></datafield><datafield tag="500" ind1=" " ind2=" "><subfield code="a">Title supplied by cataloguer.</subfield></datafield><datafield tag="500" ind1=" " ind2=" "><subfield code="a">Ms. composite codex.</subfield></datafield><datafield tag="505" ind1="0" ind2=" "><subfield code="a">14. p.317-p.337 : Matn al-Fuṣūṣ / al-Fārābī.</subfield></datafield><datafield tag="505" ind1="0" ind2=" "><subfield code="a">13. p.309-p.316 : Hādhihi Risālat ʻUyūn al-masāʼil / al-Fārābī.</subfield></datafield><datafield tag="505" ind1="0" ind2=" "><subfield code="a">12. p.303-p.308 : Risālat ādāb ṭālib al-ḥikmah, aw Risālat Mā yanbaghī an yuqaddamu qabla taʻallum al-falsafah / al-Fārābī.</subfield></datafield><datafield tag="505" ind1="0" ind2=" "><subfield code="a">11. p.299-p.303 : Maqālah sharīfah fī al-ibānah ʻan jawāmiʻ maḍāmīn Kitāb al-Muʻallim al-Awwal al-mawsūm bi-al-Ḥurūf wa-bi-Kitāb Mā baʻda al-ṭabīʻah wa-al-kashf ʻan aqsāmih wa-ʻan aghrāḍ kull qism / al-Fārābī.</subfield></datafield><datafield tag="505" ind1="0" ind2=" "><subfield code="a">10. p.291-p.298 : [on eight treatises of al-Fārābī that appeared in print in 1325, i.e. 1907 or 8].</subfield></datafield><datafield tag="505" ind1="0" ind2=" "><subfield code="a">9. p.282-p.290 : Min Miṣbāḥ al-uns sharḥ Miftāḥ al-ghayb / Muḥammad ibn Ḥamzah al-Fanārī.</subfield></datafield><datafield tag="505" ind1="0" ind2=" "><subfield code="a">8. p.280-p.281 : Fuṣūl min Miftāḥ al-ghayb / Ṣadr al-Dīn al-Qūnawī.</subfield></datafield><datafield tag="505" ind1="0" ind2=" "><subfield code="a">7. p.279 : [blank].</subfield></datafield><datafield tag="505" ind1="0" ind2=" "><subfield code="a">6. p.260-p.278 : Fuṣūl min Sharḥ naẓm al-Tāʼīyah al-Kubrá al-Fāriḍīyah.</subfield></datafield><datafield tag="505" ind1="0" ind2=" "><subfield code="a">5. p.258-p.259 : [blank].</subfield></datafield><datafield tag="505" ind1="0" ind2=" "><subfield code="a">4. p.218-p.257 : Risālah fī al-Ḥashr / Muḥammad ibn Ibrāhīm Ṣadr al-Dīn Shīrāzī.</subfield></datafield><datafield tag="505" ind1="0" ind2=" "><subfield code="a">3. p.194-p.217 : Risālat al-Nuqṭah / Muḥammad ibn Ibrāhīm Ṣadr al-Dīn Shīrāzī.</subfield></datafield><datafield tag="505" ind1="0" ind2=" "><subfield code="a">2. p.193 : ['title page' with contents listing for following majmūʻah].</subfield></datafield><datafield tag="505" ind1="0" ind2=" "><subfield code="a">1. p.1-p.192 : Muʻtaqadāt al-Bābīyah wa-al-Bahāʼīyah / Mīrzā ʻAbbās al-Bahāʼ.</subfield></datafield><datafield tag="510" ind1="4" ind2=" "><subfield code="a">Brockelmann, C. GAL,</subfield><subfield code="c">I 232 ff. ; S I 375 ff.</subfield></datafield><datafield tag="510" ind1="4" ind2=" "><subfield code="a">Brockelmann, C. GAL,</subfield><subfield code="c">I 449 ; S I 807</subfield></datafield><datafield tag="510" ind1="4" ind2=" "><subfield code="a">Brockelmann, C. GAL,</subfield><subfield code="c">II 413 ; S II 589</subfield></datafield><datafield tag="510" ind1="4" ind2=" "><subfield code="a">Brockelmann, C. GAL,</subfield><subfield code="c">S II 847</subfield></datafield><datafield tag="520" ind1="8" ind2=" "><subfield code="a">Composite collection (majmūʻah) of several works opening with tracts on the Bahai faith and followed by extracts from several philosophical treatises by Mullā Ṣadrā Shīrāzī (d.1641), Ṣadr al-Dīn al-Qūnawī (d.1273 or 4), Muḥammad ibn Ḥamzah al-Fanārī (d.1430 or 31) and al-Fārābī (d.950).</subfield></datafield><datafield tag="538" ind1=" " ind2=" "><subfield code="a">Mode of access: Internet.</subfield></datafield><datafield tag="541" ind1=" " ind2=" "><subfield code="a">Acquired in the Fall of 1950.</subfield></datafield><datafield tag="546" ind1=" " ind2=" "><subfield code="a">Arabic.</subfield></datafield><datafield tag="561" ind1=" " ind2=" "><subfield code="a">On upper pastedown label with ex libris of James Heyworth-Dunne (d.1974), stamped with inventory number, "Ex Libris | J. Heyworth-Dunne | D. Lit. (London) | No. 7939" ; UM Library inscription on p.3 "Dunning | Heyworth-Dunne | 6-13-51 | 71955" ; occasional glosses and marginal corrections in pencil and ink.</subfield></datafield><datafield tag="650" ind1=" " ind2="0"><subfield code="a">Manuscripts, Arabic</subfield><subfield code="z">Michigan</subfield><subfield code="z">Ann Arbor.</subfield></datafield><datafield tag="650" ind1=" " ind2="0"><subfield code="a">Islamic philosophy</subfield><subfield code="v">Early works to 1800.</subfield></datafield><datafield tag="650" ind1=" " ind2="0"><subfield code="a">Bahai Faith</subfield><subfield code="x">Doctrines.</subfield></datafield><datafield tag="700" ind1="1" ind2=" "><subfield code="a">Heyworth-Dunne, J.</subfield><subfield code="q">(James),</subfield><subfield code="e">former owner.</subfield></datafield><datafield tag="700" ind1="0" ind2="2"><subfield code="6">880-13</subfield><subfield code="a">Fārābī.</subfield><subfield code="t">Fuṣūṣ.</subfield></datafield><datafield tag="700" ind1="0" ind2="2"><subfield code="6">880-12</subfield><subfield code="a">Fārābī.</subfield><subfield code="t">ʻUyūn al-masāʼil.</subfield></datafield><datafield tag="700" ind1="0" ind2="2"><subfield code="6">880-09</subfield><subfield code="a">Fārābī.</subfield><subfield code="t">Risālah fī-mā yanbaghī an yuqaddama qabla taʻallum al-falsafah.</subfield></datafield><datafield tag="700" ind1="0" ind2="2"><subfield code="6">880-09</subfield><subfield code="a">Fārābī.</subfield><subfield code="t">Maqālah sharīfah fī al-ibānah ʻan jawāmiʻ maḍāmīn Kitāb al-Muʻallim al-Awwal al-mawsūm bi-al-Ḥurūf wa-bi-Kitāb Mā baʻda al-ṭabīʻah wa-al-kashf ʻan aqsāmih wa-ʻan aghrāḍ kull qism.</subfield></datafield><datafield tag="700" ind1="1" ind2="2"><subfield code="6">880-08</subfield><subfield code="a">Fanārī, Muḥammad ibn Ḥamzah,</subfield><subfield code="d">1350 or 1351-1430 or 1431.</subfield><subfield code="t">Miṣbāḥ al-uns.</subfield><subfield code="k">Selections.</subfield></datafield><datafield tag="700" ind1="1" ind2="2"><subfield code="6">880-07</subfield><subfield code="a">Ṣadr al-Dīn al-Qūnawī, Muḥammad ibn Isḥāq,</subfield><subfield code="d">-1273 or 1274.</subfield><subfield code="t">Miftāḥ ghayb al-Jamʻ wa-al-wujūd.</subfield><subfield code="k">Selections.</subfield></datafield><datafield tag="700" ind1="1" ind2="2"><subfield code="6">880-04</subfield><subfield code="a">Ṣadr al-Dīn Shīrāzī, Muḥammad ibn Ibrāhīm,</subfield><subfield code="d">-1641.</subfield><subfield code="t">Ḥashr.</subfield></datafield><datafield tag="700" ind1="1" ind2="2"><subfield code="6">880-03</subfield><subfield code="a">Ṣadr al-Dīn Shīrāzī, Muḥammad ibn Ibrāhīm,</subfield><subfield code="d">-1641.</subfield><subfield code="t">Risālat al-Nuqṭah.</subfield></datafield><datafield tag="700" ind1="0" ind2="2"><subfield code="6">880-02</subfield><subfield code="a">ʻAbduʼl-Bahá,</subfield><subfield code="d">1844-1921.</subfield><subfield code="t">Muʻtaqadāt al-Bābīyah wa-al-Bahāʼīyah.</subfield></datafield><datafield tag="740" ind1="0" ind2="2"><subfield code="a">متن الفصوص</subfield></datafield><datafield tag="740" ind1="0" ind2="2"><subfield code="6">880-11</subfield><subfield code="a">Risālat ādāb ṭālib al-ḥikmah</subfield></datafield><datafield tag="740" ind1="0" ind2="2"><subfield code="6">880-06</subfield><subfield code="a">Fuṣūl min Sharḥ naẓm al-Tāʼīyah al-Kubrá al-Fāriḍīyah.</subfield></datafield><datafield tag="740" ind1="0" ind2="2"><subfield code="6">880-05</subfield><subfield code="a">Risālah fī al-Ḥashr</subfield></datafield><datafield tag="773" ind1="0" ind2=" "><subfield code="a">Heyworth-Dunne Collection.</subfield></datafield><datafield tag="880" ind1="0" ind2="2"><subfield code="6">700-13/</subfield><subfield code="a">فارابي.</subfield><subfield code="t">فصوص.</subfield></datafield><datafield tag="880" ind1="0" ind2="2"><subfield code="6">700-12/</subfield><subfield code="a">فارابي.</subfield><subfield code="t">عيون المسائل.</subfield></datafield><datafield tag="880" ind1="0" ind2="2"><subfield code="6">740-11/</subfield><subfield code="a">رسالة آداب طالب الحكمة</subfield></datafield><datafield tag="880" ind1="0" ind2="2"><subfield code="6">700-09/</subfield><subfield code="a">فارابي.</subfield><subfield code="t">رسالة فيما ينغي ان يقدم قبل تعلم الفلسفة.</subfield></datafield><datafield tag="880" ind1="0" ind2="2"><subfield code="6">700-09/</subfield><subfield code="a">فارابي.</subfield><subfield code="t">مقالة شريفة في الإبانة عن جوامع مضامين كتاب المعلم الاول الموسوم بالحروف وبكتاب ما بعد الطبيعة والكشف عن اقسامه وعن اغراض كل قسم.</subfield></datafield><datafield tag="880" ind1="1" ind2="2"><subfield code="6">700-08/</subfield><subfield code="a">فاناري, محمد بن حمزة,</subfield><subfield code="t">مصباح الانس.</subfield><subfield code="k">مختارات.</subfield></datafield><datafield tag="880" ind1="1" ind2="2"><subfield code="6">700-07/</subfield><subfield code="a">صدر الدين القونوي، محمد بن اسحاق.</subfield><subfield code="t">مفتاح غيب الجمع والوجود.</subfield><subfield code="k">مختارات.</subfield></datafield><datafield tag="880" ind1="0" ind2="2"><subfield code="6">740-06/</subfield><subfield code="a">فصول من شرح نظم التائية الكبرى الفارضية</subfield></datafield><datafield tag="880" ind1="0" ind2="2"><subfield code="6">740-05/</subfield><subfield code="a">رسالة في الحشر</subfield></datafield><datafield tag="880" ind1="1" ind2="2"><subfield code="6">700-04/</subfield><subfield code="a">صدر الدين شيرازي، محمد بن ابراهيم.</subfield><subfield code="t">حشر.</subfield></datafield><datafield tag="880" ind1="1" ind2="2"><subfield code="6">700-03/</subfield><subfield code="a">صدر الدين شيرازي، محمد بن ابراهيم.</subfield><subfield code="t">رسالة النقطة.</subfield></datafield><datafield tag="880" ind1="0" ind2="2"><subfield code="6">700-02/</subfield><subfield code="a">عبد البها.</subfield><subfield code="t">معتقدات البابية والبهائية.</subfield></datafield><datafield tag="880" ind1="0" ind2="0"><subfield code="6">245-01/</subfield><subfield code="a">[مجموعة رسائل,</subfield><subfield code="f">193-؟].</subfield></datafield><datafield tag="CID" ind1=" " ind2=" "><subfield code="a">006833974</subfield></datafield><datafield tag="DAT" ind1="0" ind2=" "><subfield code="a">20190719102641.0</subfield><subfield code="b">20190719000000.0</subfield></datafield><datafield tag="DAT" ind1="1" ind2=" "><subfield code="a">20190719090653.0</subfield><subfield code="b">2019-07-19T16:12:30Z</subfield></datafield><datafield tag="DAT" ind1="2" ind2=" "><subfield code="a">2015-10-10T18:00:06Z</subfield><subfield code="b">2014-04-23T20:00:03Z</subfield></datafield><datafield tag="CAT" ind1=" " ind2=" "><subfield code="a">SDR-MIU</subfield><subfield code="d">EX LIBRIS - ALEPH</subfield><subfield code="l">prepare.pl-004-008</subfield></datafield><datafield tag="FMT" ind1=" " ind2=" "><subfield code="a">BK</subfield></datafield><datafield tag="HOL" ind1=" " ind2=" "><subfield code="0">sdr-miu006833974</subfield><subfield code="a">MiU</subfield><subfield code="b">SDR</subfield><subfield code="c">MIU</subfield><subfield code="p">mdp.39015079131820</subfield><subfield code="s">MIU</subfield><subfield code="1">006833974</subfield></datafield><datafield tag="974" ind1=" " ind2=" "><subfield code="b">MIU</subfield><subfield code="c">MIU</subfield><subfield code="d">20190719</subfield><subfield code="s">lit-dlps-dc</subfield><subfield code="u">mdp.39015079131820</subfield><subfield code="y">1939</subfield><subfield code="r">pd</subfield><subfield code="q">add</subfield></datafield></record></collection>